<record><leader>00000cas a2200000 a 4500</leader><controlfield tag="001">10881929</controlfield><controlfield tag="008">840625d18651905vtuwr ne      0    0eng c</controlfield><datafield ind1=" " ind2=" " tag="010"><subfield code="a">sn 84023431 </subfield></datafield><datafield ind1=" " ind2=" " tag="040"><subfield code="a">AQM</subfield><subfield code="b">eng</subfield><subfield code="c">AQM</subfield><subfield code="d">NPX</subfield><subfield code="d">OCL</subfield><subfield code="d">NPU</subfield><subfield code="d">NVN</subfield><subfield code="d">OCLCQ</subfield><subfield code="d">OCLCG</subfield><subfield code="d">OCLCQ</subfield><subfield code="d">OCLCF</subfield><subfield code="d">OCLCO</subfield></datafield><datafield ind1="1" ind2=" " tag="029"><subfield code="a">AU@</subfield><subfield code="b">000020335426</subfield></datafield><datafield ind1=" " ind2=" " tag="042"><subfield code="a">pcc</subfield></datafield><datafield ind1=" " ind2=" " tag="043"><subfield code="a">n-us-vt</subfield></datafield><datafield ind1="0" ind2=" " tag="130"><subfield code="a">Vermont union (Lyndon, Vt.)</subfield></datafield><datafield ind1="1" ind2="4" tag="245"><subfield code="a">The Vermont union.</subfield></datafield><datafield ind1=" " ind2=" " tag="260"><subfield code="a">Lyndon, Vt. :</subfield><subfield code="b">C.M. Chase,</subfield><subfield code="c">1865-1905.</subfield></datafield><datafield ind1=" " ind2=" " tag="300"><subfield code="a">v. ;</subfield><subfield code="c">69 cm.</subfield></datafield><datafield ind1=" " ind2=" " tag="310"><subfield code="a">Weekly</subfield></datafield><datafield ind1="0" ind2=" " tag="362"><subfield code="a">Vol. 1, no. 1 (Feb. 10, 1865)-v. 41, no. 39 (Oct. 27, 1905).</subfield></datafield><datafield ind1=" " ind2=" " tag="500"><subfield code="a">"Democratic". Cf. Rowell, 1877.</subfield></datafield><datafield ind1=" " ind2=" " tag="500"><subfield code="a">Editor: C.M. Chase, &lt;1874-1875&gt;.</subfield></datafield><datafield ind1=" " ind2=" " tag="500"><subfield code="a">A conservative Democratic paper ; also devoted to agriculture.</subfield></datafield><datafield ind1=" " ind2=" " tag="580"><subfield code="a">Merged with: Lyndonville journal to form: Vermont union-journal.</subfield></datafield><datafield ind1=" " ind2="0" tag="651"><subfield code="a">Lyndon (Vt.)</subfield><subfield code="v">Newspapers.</subfield></datafield><datafield ind1=" " ind2="7" tag="655"><subfield code="a">Newspapers.</subfield><subfield code="2">fast</subfield><subfield code="0">(OCoLC)fst01423814</subfield></datafield><datafield ind1=" " ind2="7" tag="651"><subfield code="a">Vermont</subfield><subfield code="z">Lyndon.</subfield><subfield code="2">fast</subfield><subfield code="0">(OCoLC)fst01253558</subfield></datafield><datafield ind1="1" ind2=" " tag="700"><subfield code="a">Chase, C. M.</subfield><subfield code="q">(Charles Monroe),</subfield><subfield code="d">1829-1902.</subfield></datafield><datafield ind1=" " ind2=" " tag="752"><subfield code="a">United States</subfield><subfield code="b">Vermont</subfield><subfield code="c">Caledonia</subfield><subfield code="d">Lyndon.</subfield></datafield><datafield ind1="1" ind2="7" tag="785"><subfield code="t">Lyndonville journal</subfield><subfield code="w">(DLC)sn 97067537</subfield><subfield code="w">(OCoLC)37357361</subfield></datafield><datafield ind1="1" ind2="7" tag="785"><subfield code="t">Vermont union-journal</subfield><subfield code="w">(DLC)sn 97067577</subfield><subfield code="w">(OCoLC)37535314</subfield></datafield></record>